%YAML 1.1
%TAG !u! tag:unity3d.com,2011:
--- !u!1 &5282652384757616358
GameObject:
  m_ObjectHideFlags: 0
  m_CorrespondingSourceObject: {fileID: 0}
  m_PrefabInstance: {fileID: 0}
  m_PrefabAsset: {fileID: 0}
  serializedVersion: 6
  m_Component:
  - component: {fileID: 5282652384757616354}
  - component: {fileID: 5282652384757616356}
  - component: {fileID: 6258327136626242285}
  - component: {fileID: 3284297795263905807}
  m_Layer: 11
  m_Name: Book
  m_TagString: Untagged
  m_Icon: {fileID: 0}
  m_NavMeshLayer: 0
  m_StaticEditorFlags: 0
  m_IsActive: 1
--- !u!4 &5282652384757616354
Transform:
  m_ObjectHideFlags: 0
  m_CorrespondingSourceObject: {fileID: 0}
  m_PrefabInstance: {fileID: 0}
  m_PrefabAsset: {fileID: 0}
  m_GameObject: {fileID: 5282652384757616358}
  m_LocalRotation: {x: 0, y: 0, z: 0, w: 1}
  m_LocalPosition: {x: 0, y: 0, z: 0}
  m_LocalScale: {x: 1, y: 1, z: 1}
  m_Children:
  - {fileID: 7702134399292200027}
  - {fileID: 1976762354659053142}
  m_Father: {fileID: 0}
  m_RootOrder: 0
  m_LocalEulerAnglesHint: {x: 0, y: 0, z: 0}
--- !u!114 &5282652384757616356
MonoBehaviour:
  m_ObjectHideFlags: 0
  m_CorrespondingSourceObject: {fileID: 0}
  m_PrefabInstance: {fileID: 0}
  m_PrefabAsset: {fileID: 0}
  m_GameObject: {fileID: 5282652384757616358}
  m_Enabled: 1
  m_EditorHideFlags: 0
  m_Script: {fileID: 11500000, guid: 26e37de5aa071cf45aa6b0f1367de554, type: 3}
  m_Name: 
  m_EditorClassIdentifier: 
  objectID: 11
--- !u!114 &6258327136626242285
MonoBehaviour:
  m_ObjectHideFlags: 0
  m_CorrespondingSourceObject: {fileID: 0}
  m_PrefabInstance: {fileID: 0}
  m_PrefabAsset: {fileID: 0}
  m_GameObject: {fileID: 5282652384757616358}
  m_Enabled: 1
  m_EditorHideFlags: 0
  m_Script: {fileID: 11500000, guid: 4cc2c964afcac344585015cf81a97bed, type: 3}
  m_Name: 
  m_EditorClassIdentifier: 
  itemEmotion: Joy
  color: {r: 0.7075472, g: 0.34742698, b: 0.12348701, a: 1}
--- !u!61 &3284297795263905807
BoxCollider2D:
  m_ObjectHideFlags: 0
  m_CorrespondingSourceObject: {fileID: 0}
  m_PrefabInstance: {fileID: 0}
  m_PrefabAsset: {fileID: 0}
  m_GameObject: {fileID: 5282652384757616358}
  m_Enabled: 1
  m_Density: 1
  m_Material: {fileID: 0}
  m_IsTrigger: 0
  m_UsedByEffector: 0
  m_UsedByComposite: 0
  m_Offset: {x: 0.012390077, y: 0.28652054}
  m_SpriteTilingProperty:
    border: {x: 0, y: 0, z: 0, w: 0}
    pivot: {x: 0, y: 0}
    oldSize: {x: 0, y: 0}
    newSize: {x: 0, y: 0}
    adaptiveTilingThreshold: 0
    drawMode: 0
    adaptiveTiling: 0
  m_AutoTiling: 0
  serializedVersion: 2
  m_Size: {x: 0.5477619, y: 0.56944454}
  m_EdgeRadius: 0
--- !u!1 &8854880986796899735
GameObject:
  m_ObjectHideFlags: 0
  m_CorrespondingSourceObject: {fileID: 0}
  m_PrefabInstance: {fileID: 0}
  m_PrefabAsset: {fileID: 0}
  serializedVersion: 6
  m_Component:
  - component: {fileID: 7702134399292200027}
  - component: {fileID: 6842262147632994407}
  m_Layer: 0
  m_Name: Bookv1.0 (1)
  m_TagString: Untagged
  m_Icon: {fileID: 0}
  m_NavMeshLayer: 0
  m_StaticEditorFlags: 0
  m_IsActive: 1
--- !u!4 &7702134399292200027
Transform:
  m_ObjectHideFlags: 0
  m_CorrespondingSourceObject: {fileID: 0}
  m_PrefabInstance: {fileID: 0}
  m_PrefabAsset: {fileID: 0}
  m_GameObject: {fileID: 8854880986796899735}
  m_LocalRotation: {x: -0, y: -0, z: -0, w: 1}
  m_LocalPosition: {x: 0, y: 0.301, z: 0}
  m_LocalScale: {x: 1, y: 1, z: 1}
  m_Children: []
  m_Father: {fileID: 5282652384757616354}
  m_RootOrder: 0
  m_LocalEulerAnglesHint: {x: 0, y: 0, z: 0}
--- !u!212 &6842262147632994407
SpriteRenderer:
  m_ObjectHideFlags: 0
  m_CorrespondingSourceObject: {fileID: 0}
  m_PrefabInstance: {fileID: 0}
  m_PrefabAsset: {fileID: 0}
  m_GameObject: {fileID: 8854880986796899735}
  m_Enabled: 1
  m_CastShadows: 0
  m_ReceiveShadows: 0
  m_DynamicOccludee: 1
  m_MotionVectors: 1
  m_LightProbeUsage: 1
  m_ReflectionProbeUsage: 1
  m_RenderingLayerMask: 1
  m_RendererPriority: 0
  m_Materials:
  - {fileID: 10754, guid: 0000000000000000f000000000000000, type: 0}
  m_StaticBatchInfo:
    firstSubMesh: 0
    subMeshCount: 0
  m_StaticBatchRoot: {fileID: 0}
  m_ProbeAnchor: {fileID: 0}
  m_LightProbeVolumeOverride: {fileID: 0}
  m_ScaleInLightmap: 1
  m_PreserveUVs: 0
  m_IgnoreNormalsForChartDetection: 0
  m_ImportantGI: 0
  m_StitchLightmapSeams: 0
  m_SelectedEditorRenderState: 0
  m_MinimumChartSize: 4
  m_AutoUVMaxDistance: 0.5
  m_AutoUVMaxAngle: 89
  m_LightmapParameters: {fileID: 0}
  m_SortingLayerID: 0
  m_SortingLayer: 0
  m_SortingOrder: 0
  m_Sprite: {fileID: 21300000, guid: eaf39f6fdf4e54ee5b1d4c838b8a828f, type: 3}
  m_Color: {r: 1, g: 1, b: 1, a: 1}
  m_FlipX: 0
  m_FlipY: 0
  m_DrawMode: 0
  m_Size: {x: 0.64, y: 0.64}
  m_AdaptiveModeThreshold: 0.5
  m_SpriteTileMode: 0
  m_WasSpriteAssigned: 1
  m_MaskInteraction: 0
  m_SpriteSortPoint: 0
--- !u!1001 &6028915779935807354
PrefabInstance:
  m_ObjectHideFlags: 0
  serializedVersion: 2
  m_Modification:
    m_TransformParent: {fileID: 5282652384757616354}
    m_Modifications:
    - target: {fileID: 877478880953349521, guid: 62036fa7e664e4df2aaf17ae19eaecc9,
        type: 3}
      propertyPath: m_Name
      value: Object Particles
      objectReference: {fileID: 0}
    - target: {fileID: 5243839332233734444, guid: 62036fa7e664e4df2aaf17ae19eaecc9,
        type: 3}
      propertyPath: m_LocalPosition.x
      value: 0.02
      objectReference: {fileID: 0}
    - target: {fileID: 5243839332233734444, guid: 62036fa7e664e4df2aaf17ae19eaecc9,
        type: 3}
      propertyPath: m_LocalPosition.y
      value: 0.272
      objectReference: {fileID: 0}
    - target: {fileID: 5243839332233734444, guid: 62036fa7e664e4df2aaf17ae19eaecc9,
        type: 3}
      propertyPath: m_LocalPosition.z
      value: 0
      objectReference: {fileID: 0}
    - target: {fileID: 5243839332233734444, guid: 62036fa7e664e4df2aaf17ae19eaecc9,
        type: 3}
      propertyPath: m_LocalRotation.x
      value: -0
      objectReference: {fileID: 0}
    - target: {fileID: 5243839332233734444, guid: 62036fa7e664e4df2aaf17ae19eaecc9,
        type: 3}
      propertyPath: m_LocalRotation.y
      value: -0
      objectReference: {fileID: 0}
    - target: {fileID: 5243839332233734444, guid: 62036fa7e664e4df2aaf17ae19eaecc9,
        type: 3}
      propertyPath: m_LocalRotation.z
      value: -0
      objectReference: {fileID: 0}
    - target: {fileID: 5243839332233734444, guid: 62036fa7e664e4df2aaf17ae19eaecc9,
        type: 3}
      propertyPath: m_LocalRotation.w
      value: 1
      objectReference: {fileID: 0}
    - target: {fileID: 5243839332233734444, guid: 62036fa7e664e4df2aaf17ae19eaecc9,
        type: 3}
      propertyPath: m_RootOrder
      value: 1
      objectReference: {fileID: 0}
    - target: {fileID: 5243839332233734444, guid: 62036fa7e664e4df2aaf17ae19eaecc9,
        type: 3}
      propertyPath: m_LocalEulerAnglesHint.x
      value: -90
      objectReference: {fileID: 0}
    - target: {fileID: 5243839332233734444, guid: 62036fa7e664e4df2aaf17ae19eaecc9,
        type: 3}
      propertyPath: m_LocalEulerAnglesHint.y
      value: 0
      objectReference: {fileID: 0}
    - target: {fileID: 5243839332233734444, guid: 62036fa7e664e4df2aaf17ae19eaecc9,
        type: 3}
      propertyPath: m_LocalEulerAnglesHint.z
      value: 0
      objectReference: {fileID: 0}
    - target: {fileID: 8309851345040999908, guid: 62036fa7e664e4df2aaf17ae19eaecc9,
        type: 3}
      propertyPath: ShapeModule.m_Scale.y
      value: 1.2
      objectReference: {fileID: 0}
    - target: {fileID: 8309851345040999908, guid: 62036fa7e664e4df2aaf17ae19eaecc9,
        type: 3}
      propertyPath: ShapeModule.m_Scale.x
      value: 1.16
      objectReference: {fileID: 0}
    m_RemovedComponents: []
  m_SourcePrefab: {fileID: 100100000, guid: 62036fa7e664e4df2aaf17ae19eaecc9, type: 3}
--- !u!4 &1976762354659053142 stripped
Transform:
  m_CorrespondingSourceObject: {fileID: 5243839332233734444, guid: 62036fa7e664e4df2aaf17ae19eaecc9,
    type: 3}
  m_PrefabInstance: {fileID: 6028915779935807354}
  m_PrefabAsset: {fileID: 0}
